@article{DFTgap,
   title={Understanding band gaps of solids in generalized Kohn–Sham theory},
   volume={114},
   ISSN={1091-6490},
   url={http://dx.doi.org/10.1073/pnas.1621352114},
   DOI={10.1073/pnas.1621352114},
   number={11},
   journal={Proceedings of the National Academy of Sciences},
   publisher={Proceedings of the National Academy of Sciences},
   author={Perdew, John P. and Yang, Weitao and Burke, Kieron and Yang, Zenghui and Gross, Eberhard K. U. and Scheffler, Matthias and Scuseria, Gustavo E. and Henderson, Thomas M. and Zhang, Igor Ying and Ruzsinszky, Adrienn and et al.},
   year={2017},
   month={Mar},
   pages={2801–2806}
}
