@misc{Project1,
  author          = {Aasen, Anna Hjertvik and Fevang, Carl Martin and Kvernmoen, Håkon},
  title           = {Bias-Variance Tradeoff in Simple Linear Models},
  url             = {https://github.com/hkve/FYS-STK4155/blob/main/Project1/tex/main.pdf},
  year            = {2022}
}

@misc{Project2,
  author          = {Aasen, Anna Hjertvik and Fevang, Carl Martin and Kvernmoen, Håkon},
  title           = {Optimising Simple Neural Networks as Regressors and Classifiers},
  url             = {https://github.com/hkve/FYS-STK4155/blob/main/Project2/tex/main.pdf},
  year            = {2022}
}

@misc{He,
  doi = {10.48550/ARXIV.1502.01852},
  
  url = {https://arxiv.org/abs/1502.01852},
  
  author = {He, Kaiming and Zhang, Xiangyu and Ren, Shaoqing and Sun, Jian},
  
  keywords = {Computer Vision and Pattern Recognition (cs.CV), Artificial Intelligence (cs.AI), Machine Learning (cs.LG), FOS: Computer and information sciences, FOS: Computer and information sciences},
  
  title = {Delving Deep into Rectifiers: Surpassing Human-Level Performance on ImageNet Classification},
  
  publisher = {arXiv},
  
  year = {2015},
  
  copyright = {arXiv.org perpetual, non-exclusive license}
}

@article{Hyperband,
  author  = {Lisha Li and Kevin Jamieson and Giulia DeSalvo and Afshin Rostamizadeh and Ameet Talwalkar},
  title   = {Hyperband: A Novel Bandit-Based Approach to Hyperparameter Optimization},
  journal = {Journal of Machine Learning Research},
  year    = {2018},
  volume  = {18},
  number  = {185},
  pages   = {1--52},
  url     = {http://jmlr.org/papers/v18/16-558.html}
}


@misc{Chen,
  doi = {10.3389/fncom.2017.00020},
  url = {https://www.frontiersin.org/articles/10.3389/fncom.2017.00020/full},
  author = {Yanqing Chen},
  title = {Mechanisms of Winner-Take-All and Group Selection in Neuronal Spiking Networks},
  publisher = {Frontiers in Computational Neuroscience},
  year = {2017}
}

@unknown{pca_img,
  author = {Bellemans, Aurelie and Aversano, Gianmarco and Coussement, Axel and Parente, Alessandro},
  year = {2018},
  month = {03},
  pages = {},
  title = {Title: Feature extraction from principal component analysis based reduced-order models using orthogonal rotation}
}

@book{linalgbok,
  title   = {Linear Algebra and its Applications},
  author  = {Lay, David C.},
  year   = {2016},
  publisher      = {Pearson Education Limited},
  edition        = {Fifth}
}

@article{zero_one_loss,
author = {Kohavi, Ron and Wolpert, David},
year = {1997},
month = {09},
pages = {},
title = {Bias Plus Variance Decomposition for Zero-One Loss Functions}
}

@article{fifa21playersvalue,
  author={Al-Asadi, Mustafa A. and Tasdemır, Sakir},
  journal={IEEE Access},
  title={Predict the Value of Football Players Using FIFA Video Game Data and Machine Learning Techniques},   
  year={2022},  
  volume={10},  number={},  pages={22631-22645},  
  doi={10.1109/ACCESS.2022.3154767}
}

@misc{fifa21_data,
  title={FIFA 21 complete player dataset},
  author = {Stefano Leone},
  year={2020},
  month={09},
  day={23},
  url={https://www.kaggle.com/datasets/stefanoleone992/fifa-21-complete-player-dataset}
}